   
 @article{nakamoto2008bitcoin,
 	title={Bitcoin: A Peer-to-Peer Electronic Cash System},
 	author={Nakamoto, Satoshi},
 	year={2008},
 	journal={Bitcoin.org},
 	note={Available online at \url{https://bitcoin.org/bitcoin.pdf};}
 }
 
 @article{ethereumwhitepaper,
 	title={Ethereum: A Next-Generation Smart Contract and Decentralized Application Platform},
 	author={Vitalik Buterin},
 	year={2014},
 	journal={Ethereum.org},
 	note={Available online at \url{https://ethereum.org/content/whitepaper/whitepaper-pdf/Ethereum_Whitepaper_-_Buterin_2014.pdf}
 }
 
}


@misc{Nefture2023Hack,
	author = {{NEFTURE SECURITY I Blockchain Security}},
	title = {Private Keys Exploit, the Most Lucrative Hack of 2023},
	year = {2024},
	howpublished = {\url{https://medium.com/coinmonks/private-keys-exploit-the-most-lucrative-hack-of-2023-81390e0a29cb}},
	note = {Accessed: 2024-02-21}
}

@misc{rabbywallet,
	title = {Rabby Wallet},
	howpublished = {\url{https://www.alchemy.com/dapps/rabby-wallet}},
}

@misc{watcherguru,
	title = {How Many Blockchains are there?},
	howpublished = {\url{how-many-blockchains-are-there}},
}

@misc{argent,
	title = {Argent},
	howpublished = {\url{https://www.argent.xyz/}},
}

@misc{smartcontracts,
title = {What Is a Smart Contract?},
howpublished = {\url{https://www.investopedia.com/terms/s/smart-contracts.asp/}},
}

@misc{solidityVulnerabilities,
title = {Common Solidity Security Vulnerabilities and How to Avoid Them},
howpublished = {\url{https://metana.io/blog/common-solidity-security-vulnerabilities-how-to-avoid-them}},
}

@misc{sdocs,
title = {Solidity Docs},
howpublished = {\url{https://docs.soliditylang.org/en/v0.8.25/}},
}

@misc{nextImage,
title = {Image Optimization},
howpublished = {\url{https://nextjs.org/docs/app/building-your-application/optimizing/images}},
}

@misc{nextRendering,
title = {Rendering},
howpublished = {\url{https://nextjs.org/docs/app/building-your-application/rendering}},
}

@misc{nextServerActions,
title = {Image Optimization},
howpublished = {\url{https://nextjs.org/docs/app/building-your-application/data-fetching/server-actions-and-mutations}},
}

@misc{nextStreaming,
title = {Loading UI and Streaming},
howpublished = {\url{https://nextjs.org/docs/app/building-your-application/routing/loading-ui-and-streaming}},
}

@misc{nextRouteHandlers,
	title = {Route Handlers},
	howpublished = {\url{https://nextjs.org/docs/app/building-your-application/routing/route-handlers}},
}

@misc{typescript,
	title = {What is TypeScript?},
	howpublished = {\url{https://www.typescriptlang.org/}},
}

@misc{tailwind,
	title = {Tailwind},
	howpublished = {\url{https://tailwindcss.com}},
}
@misc{rainbowkit,
	title = {RainbowKit},
	howpublished = {\url{https://www.rainbowkit.com/}},
}

@misc{infura,
	title = {infura},
	howpublished = {\url{https://www.infura.io/}},
}

@misc{transactionBuilder,
	title = {Safe Transaction Builder},
	howpublished = {\url{https://app.safe.global/apps/open?safe=sep:0x5e18A2A9Fa4A99e8275A09b2125875F9c379B267&appUrl=https%3A%2F%2Fapps-portal.safe.global%2Ftx-builder}},
}

@misc{soliditylogs,
	title = {Understanding Solidity Events and Logs},
	howpublished = {\url{https://medium.com/coinmonks/understanding-solidity-events-and-logs-f29ea4f557cc#:~:text=They%20are%20written%20in%20Solidity,designed%20for%20the%20Ethereum%20platform.\&text=Once%20the%20event%20has%20been,be%20accessed%20at%20any%20time./}},
}

@misc{wagmi,
	title = {wagmi},
	howpublished = {\url{https://wagmi.sh/}},
}

@misc{viem,
	title = {viem},
	howpublished = {\url{https://viem.sh/}},
}

@misc{etherscan,
	title = {Etherscan Api},
	howpublished = {\url{https://etherscan.io/apis}},
}

@misc{hardhat,
	title = {Hardhat Overview},
	howpublished = {\url{https://hardhat.org/hardhat-runner/docs/getting-started#overview}},
}
